<?xml version="1.0" encoding="UTF-8"?><collection xmlns="http://www.loc.gov/MARC21/slim"><record><leader>00517nam--2200121-i-4500</leader><controlfield tag="001">000031654</controlfield><controlfield tag="002">20161230</controlfield><controlfield tag="005">20161230201038</controlfield><controlfield tag="008">060222s1000------------r-----000-0-eng-d</controlfield><datafield ind1=" " ind2=" " tag="080"><subfield code="a">519.683.5</subfield></datafield><datafield ind1=" " ind2=" " tag="245"><subfield code="a">Macroinstructiuni de intrare-iesire pentru metoda de acces(dam).tratare pentru limbajul assembler-360.traducere dupa capitolul 5 din disk operating system-superviser and 1/0 macres(release 20 -aprilie 69).numai pentru uz intern cepeca</subfield></datafield><datafield ind1=" " ind2=" " tag="260"><subfield code="a">Bucuresti, Ministerul Muncii, Icop, Cepeca, F.An 31p</subfield></datafield><datafield ind1=" " ind2=" " tag="852"><subfield code="a">45517</subfield></datafield></record></collection>